=LDR  00000nam a2200000Mi 4500
=001  1289057530
=005  20211217002858.2
=008  950223c19441938mnu           000 0 eng d
=040  \\$aAGL$beng$cAGL
=016  7\$aCAT10891909$2DNAL
=070  0\$a96$bAb3
=072  \\$aF110
=049  \\$aAGLL
=100  1\$aAbbott, Daisy Thomson.
=245  14$aThe northern garden week by week.
=260  \\$aMinneapolis, MN :$bUniversity of Minnesota Press,$c[1944, c1938]
=300  \\$a93 p.
=650  \3$aplant cultural practices.
=650  \3$ahorticulture.
=650  \3$ahorticultural crops.
=650  \3$acrop production.

