=LDR  00000nam a2200000Mi 4500
=001  1288984233
=005  20211217002856.5
=008  950315s1935    xx           s000 0 eng d
=040  \\$aAGL$beng$cAGL$dAGL
=016  7\$aCAT10904592$2DNAL
=070  0\$a280.7$bW276
=072  \\$aX700
=049  \\$aAGLL
=110  2\$aWashington State Planning Council.$bCommittee on New Industries.
=245  10$aPreliminary report on new industries for Washington State Planning Council /$cWashington
=260  \\$c1935.
=300  \\$avarious paging
=650  \3$amarket analysis.
=650  \3$aeconomics.

