=LDR  00000nam a2200000Mi 4500
=001  1289006518
=008  950310s1931    xx            000 0 ger d
=005  20211217002858.2
=040  \\$aAGL$beng$cAGL
=016  7\$aCAT10971712$2DNAL
=070  0\$a281.175$bSe9
=072  \\$aE100
=100  1\$aSeydel, Karl,$d1891-
=245  14$aDie Erntestatistik in den amtshauptmannschaften Borna und Leipzig in den jahren 1917, 1918, 1919, und 1920 mit berücksichtigung der wirtschaftskarte ...
=260  \\$c1931.
=300  \\$a108 p.
=650  \3$aagricultural economics.
=049  \\$aAGLL

