=LDR  00000nam a2200000Mi 4500
=001  1289163495
=008  950310s1879    xx            000 0 ger d
=005  20211217002857.3
=040  \\$aAGL$beng$cAGL
=016  7\$aCAT10942233$2DNAL
=070  0\$a281$bB99
=072  \\$aE100
=100  1\$aBytschkow, Gedeon von.
=245  10$aWesen, bedeutung und anwendbarkeit der "freien wirthschaft" ...
=260  \\$c1879.
=300  \\$a46 p.
=650  \3$aagricultural economics.
=049  \\$aAGLL

