=LDR  00000nam a2200000Mi 4500
=001  1289118575
=008  950314s1918    xx            000 0 eng d
=005  20211217002858.0
=040  \\$aAGL$beng$cAGL
=016  7\$aCAT10909071$2DNAL
=070  0\$a284.2$bL32
=072  \\$aE100
=072  \\$aL100
=100  1\$aLarmer, Forrest Mabry.
=245  14$aThe cattle loan company.
=260  \\$c1918.
=300  \\$a95 leaves
=650  \3$aanimal production.
=650  \3$aagricultural economics.
=049  \\$aAGLL

