=LDR  00000nam a2200000Mi 4500
=001  1288990435
=008  950313s1933    xx            000 0 eng d
=005  20211217002858.3
=040  \\$aAGL$beng$cAGL
=016  7\$aCAT10907173$2DNAL
=070  0\$a281.372$bF22
=072  \\$aF120
=072  \\$aE200
=111  2\$aFarm Mortgage Conference.
=245  10$aStatus of the American cotton producer ...
=260  \\$c[1933?]
=300  \\$a269 p.
=500  \\$aCONFIDENTIAL.
=650  \3$amicroeconomics.
=650  \3$afarm management.
=650  \3$aagricultural economics.
=650  \3$aplant cultural practices.
=650  \3$afield crops.
=650  \3$acrop production.
=650  \3$aagronomy.
=049  \\$aAGLL

