=LDR  00000nam a2200000Mi 4500
=001  1289033510
=008  950313s1931    xx            000 0 ger d
=005  20211217002857.8
=040  \\$aAGL$beng$cAGL
=016  7\$aCAT10972246$2DNAL
=070  0\$a284.2$bG33
=072  \\$aE100
=100  1\$aGesellius, Wilhelm,$d1904-
=245  14$aDie entwicklung der landwirtschaftlichen verhältnisse in Mecklenburg-Schwerin unter besonderer berücksichtigung der kredit-und verschuldungslage :$b(ein beitrag zur wirtschaftsgeschichte Mecklenburgs) ...
=260  \\$c[1931]
=300  \\$a208 p.
=650  \3$aagricultural economics.
=049  \\$aAGLL

