=LDR  00000nam a2200000Mi 4500
=001  1289021763
=005  20211217002857.1
=008  950314s1932    xx            000 0 ger d
=040  \\$aAGL$beng$cAGL
=016  7\$aCAT10972151$2DNAL
=043  \\$ae-gx---
=070  0\$a283$bD25
=072  \\$aE100
=049  \\$aAGLL
=049  \\$aAGLL
=100  1\$aDartmann, Heinrich,$d1901-
=100  1\$aDartmann, Heinrich.
=245  14$aDie landarbeiterverhältnisse Westfalens vor und nach dem kriege in betriebswirtschaftlicher und sozialer hinsicht ...
=245  14$aDie Landarbeiterverhältnisse Westfalens vor und nach dem Kriege in betriebswirtschaftlicher und sozialer Hinsicht.
=260  \\$c1932.
=260  \\$aGiessen:$bHerr,$c1932.
=300  \\$a83 p.
=300  \\$a83 pages$c24 cm
=336  \\$atext$btxt$2rdacontent
=337  \\$aunmediated$bn$2rdamedia
=338  \\$avolume$bnc$2rdacarrier
=502  \\$aGiessen, Phil. Diss. v. 7. April 1932.
=650  \3$aagricultural economics.
=650  \0$aAgricultural laborers$zGermany$zWestphalia.
=650  \0$aAgriculture$xEconomic aspects$zGermany$zWestphalia.
=650  \6$aTravailleurs agricoles$0(CaQQLa)201-0023159$zAllemagne$0(CaQQLa)201-0390009$zWestphalie.$0(CaQQLa)201-0390009
=650  \6$aAgriculture$0(CaQQLa)201-0000511$xAspect économique$0(CaQQLa)201-0000511$zAllemagne$0(CaQQLa)201-0390009$zWestphalie.$0(CaQQLa)201-0390009
=650  \7$aAgricultural laborers.$2fast$0(OCoLC)fst00800949
=650  \7$aAgriculture$xEconomic aspects.$2fast$0(OCoLC)fst00801415
=651  \7$aGermany$zWestphalia.$2fast$0(OCoLC)fst01209818
=655  \7$aAcademic theses.$2fast$0(OCoLC)fst01726453
=655  \7$aHochschulschrift$2gnd-content
=655  \7$aAcademic theses.$2lcgft
=655  \7$aThèses et écrits académiques.$2rvmgf$0(CaQQLa)RVMGF-000001173

