=LDR  00000nam a2200000Mi 4500
=001  1289161612
=008  950313s1922    xx           f000 0 eng d
=005  20211217002858.3
=040  \\$aAGL$beng$cAGL
=016  7\$aCAT10909224$2DNAL
=070  0\$a284.2$bUn32Rr
=072  \\$aE100
=072  \\$aD500
=110  1\$aUnited States.$bCongress.$bHouse.$bCommittee on Banking and Currency.
=245  10$aRural credits :$bhearings before the Committee on Banking and Currency of the House of Representatives on S.4063 (H.R. 13033), to provide credit facilities ...
=260  \\$c1922.
=300  \\$a18 p. ;$c23 cm.
=650  \3$alaws and regulations.
=650  \3$aagricultural economics.
=049  \\$aAGLL

