=LDR  00000nam a2200000Mi 4500
=001  1289122495
=008  950314s1913    xx            000 0 eng d
=005  20211217002858.4
=040  \\$aAGL$beng$cAGL
=016  7\$aCAT10910283$2DNAL
=070  0\$a284.6$bG76
=072  \\$aE200
=072  \\$aN100
=072  \\$aQ114
=110  2\$aGrain Dealers National Mutual Fire Insurance Co. (Indianapolis)
=245  10$aTen years in the cause of mutual insurance on country elevators, 1902- 1912.
=260  \\$c[1913]
=300  \\$a1 v.
=650  \3$afood storage.
=650  \3$afield crops.
=650  \3$aagricultural structures and facilities.
=650  \3$amicroeconomics.
=650  \3$afarm management.
=650  \3$aagricultural economics.
=049  \\$aAGLL

