=LDR  00000cam a2200000Ma 4500
=001  22027879
=005  20220511022527.3
=008  870922q19381983miua    a     000 0 eng d
=007  hd\bfu---bubu
=010  \\$anuc87300496 
=040  \\$aUnM$beng$cRQM$dOCL$dOCLCF$dOCLCQ$dOCLCO$dOCLCQ$dOCLCA$dOCLCO
=043  \\$an-us-mn
=050  \4$aSB453$b.A2
=049  \\$aAGLL
=100  1\$aAbbott, Daisy Thomson,$eauthor.
=245  14$aThe northern garden week by week /$cby Daisy T. Abbott.
=250  \\$aNew ed.
=260  \\$aMinneapolis :$bUniversity of Minnesota Press,$c[©1938]
=264  \1$a[Place of publication not identified] :$bUniversity of Minnesota Press,$c1938
=300  \\$aiv, [2], 94 pages :$billustrations ;$c24 cm
=300  \\$a1 online resource (vi, 94 pages)
=336  \\$atext$btxt$2rdacontent
=336  \\$atext$btxt$2rdacontent
=337  \\$amicroform$bh$2rdamedia
=337  \\$acomputer$bc$2rdamedia
=338  \\$amicrofilm reel$bhd$2rdacarrier
=338  \\$aonline resource$bcr$2rdacarrier
=500  \\$aMaster microform held by: UnM.
=533  \\$aMicrofilm.$bAnn Arbor, Mich. :$cUniversity Microfilms International,$d[19--].$e1 microfilm reel ; 35 mm.
=500  \\$aBibliographic Level Mode of Issuance: Monograph.
=546  \\$aEnglish.
=650  \0$aGardening$zMinnesota.
=650  \0$aFloriculture.
=650  \6$aJardinage$0(CaQQLa)201-0000149$zMinnesota.$0(CaQQLa)201-0460817
=650  \6$aFloriculture.$0(CaQQLa)201-0046758
=650  \7$afloriculture.$2aat$0(CStmoGRI)aat300054513
=650  \7$aFloriculture.$2fast$0(OCoLC)fst00927668
=650  \4$aArt, Architecture & Applied Arts.
=650  \4$aGardens, Landscape Architecture & Parks.
=650  \7$aGardening.$2fast$0(OCoLC)fst00937852
=651  \7$aMinnesota.$2fast$0(OCoLC)fst01204560
=776  0\$z0816659559
=776  1\$cOriginal$w(DLC)   38028149

