=LDR  00000cam a2200000Mi 4500
=001  71086662
=005  20220417164028.7
=008  950315s1935    xx           s000 0 eng d
=040  \\$aAGL$beng$cAGL$dOCLCO$dOCLCQ$dOCLCO
=016  7\$aCAT10904592$2DNAL
=070  0\$a280.7$bW276
=072  \0$aX700
=049  \\$aAGLL
=110  2\$aWashington State Planning Council.$bCommittee on New Industries.
=245  10$aPreliminary report on new industries for Washington State Planning Council
=260  \\$c1935.
=300  \\$a1 v. (various pagings)
=336  \\$atext$btxt$2rdacontent
=337  \\$aunmediated$bn$2rdamedia
=338  \\$avolume$bnc$2rdacarrier

