=LDR  00000cam a2200000Mi 4500
=001  47320441
=005  20180418002754.1
=008  000126s1879    gw            000 0 ger d
=040  \\$aZXW$bger$cZXW$dOCLCQ$dAGL$dGBVCP$dOCLCQ
=016  7\$aCAT10942233$2DNAL
=070  0\$a281$bB99
=072  \0$aE100
=084  \\$a24$2ssgn
=049  \\$aAGLL
=100  1\$aBytschkow, Gedeon von.
=242  10$aThe nature, meaning and applicability of "free economy" /$cGedeon von Bytschkow.$yeng.
=245  10$aWesen, Bedeutung und Anwendbarkeit der "freien Wirthschaft" /$cGedeon von Bytschkow.
=246  3\$aWirtschaft
=260  \\$aGöttingen :$bDieterich,$c1879.
=300  \\$a46 Seiten ;$c8°
=336  \\$aText$btxt$2rdacontent/ger
=337  \\$aohne Hilfsmittel zu benutzen$bn$2rdamedia/ger
=338  \\$aBand$bnc$2rdacarrier/ger
=650  \7$aHochschulschrift.$2gtt
=029  1\$aGBVCP$b309286840

