=LDR  00000cam a2200000M  4500
=001  829738081
=005  20220830171730.9
=008  890701s1879    gw       m    000 0 eng d
=040  \\$aLWU$beng$cLWU$dOCLCQ$dOCLCO$dOCLCF$dOCLCO$dOCLCQ$dAGL
=043  \\$ae-gx---
=049  \\$aAGLL
=100  1\$aBytschkow, Gedeon von
=242  10$aThe nature, meaning and applicability of "free economy" /$cGedeon von Bytschkow.$yeng
=245  10$aWesen, Bedeutung und anwendbarkeit der "freien wirtschaft." /$cGedeon von Bytschkow.
=260  \\$aGötting.,$c1879.
=300  \\$aO
=336  \\$atext$btxt$2rdacontent
=337  \\$aunmediated$bn$2rdamedia
=502  \\$aInaug. -diss. -- Götting.
=650  \0$aFree trade$zGermany.
=650  \0$aEconomics$zGermany.
=655  \7$aAcademic theses.$2fast$0(OCoLC)fst01726453
=655  \7$aAcademic theses.$2lcgft
=655  \7$aThèses et écrits académiques.$2rvmgf$0(CaQQLa)RVMGF-000001173

