=LDR  00000nam a2200000Mi 4500
=001  1289013237
=005  20211217002857.2
=008  950222s1932    ru           l000 0 rus d
=040  \\$aAGL$beng$cAGL
=016  7\$aCAT10926644$2DNAL
=070  0\$a94$bM85
=072  \\$aF110
=049  \\$aAGLL
=110  1\$aMoscow.$bZonalʹnai︠a︡ plodo-i︠a︡godnai︠a︡ opytnai︠a︡ stantsii︠a︡.
=242  10$aAnd annual management:$b(length︠a︡ regions of the middle belt of the USSR): (textbook length︠a︡ state farm schools): Compiled by a team of employees of the Moscow Zonal Fruit-and-Food Experimental Station.$yeng
=245  10$aIAgodovodstvo :$b(dli︠a︡ raĭonov sredneĭ polosy SSSR) : (uchebnoe posobie dli︠a︡ shkol sovkhozucheĭ) : Sostavleno bridagoĭ sotrudnikov Moskovskoĭ zonalʹnoĭ plodo- plodo-i︠a︡godnoĭ opytnoĭ stantsii.
=245  00$6880-01$a<>.
=260  \\$c1932.
=300  \\$a231 p.
=650  \3$aplant cultural practices.
=650  \3$ahorticulture.
=650  \3$ahorticultural crops.
=650  \3$acrop production.
=500  \\$aNon-Latin script record
=880  10$6245-01/(N$aИАгодоводство :$б(дли︠а︡ районов средней полосы СССР) : (учебное пособие дли︠а︡ школ совхозучей) : Составлено бридагой сотрудников Московской зональной плодо- плодо-и︠а︡годной опытной стантсии.
=066  \\$c(N

