=LDR  00000cam a22000003  4500
=001  39210770
=005  20210614201430.4
=008  980602s1932    xx ab    b    000 0 eng d
=040  \\$aPUL$beng$cPUL$dOCLCQ$dAGL$dOCLCQ$dOCLCF$dOCLCQ
=016  7\$aCAT10907173$2DNAL
=043  \\$an-us---
=050  \4$aHD9074$b.F22
=070  0\$a281.372$bF22
=072  \0$aF120
=072  \0$aE200
=049  \\$aAGLL
=110  2\$aFarm Mortgage Conference.
=245  10$aStatus of the American cotton producer;$cprepared under the auspices of the Farm Mortgage Conference.
=260  \\$a[Place of publication not identified],$c[1932?]
=300  \\$axxiii, 269 pages :$billustrations (maps) diagrams ;$c27 cm
=336  \\$atext$btxt$2rdacontent
=337  \\$aunmediated$bn$2rdamedia
=338  \\$avolume$bnc$2rdacarrier
=500  \\$aPhotoprinted.
=504  \\$aIncludes bibliographical references.
=650  \0$aCotton growing$zUnited States.
=650  \0$aCotton manufacture$zUnited States.
=650  \7$a!  Cotton growing. !  fast !  (OCoLC)fst00880982.
=650  \7$a!  Cotton manufacture. !  fast !  (OCoLC)fst00881013.
=651  \7$a!  United States. !  fast !  (OCoLC)fst01204155.
=651  \7$aUnited States.$2fast$0(OCoLC)fst01204155

