=LDR  00000ctm a22000001a 4500
=001  843380761
=005  20221013202106.7
=008  900316s1931    gw abd   m    000 0 ger d
=040  \\$aZAP$beng$cZAP$dOCLCQ$dOCLCO$dOCLCF$dOCLCO$dOCLCQ$dAGL
=016  7\$aCAT10972246$2DNAL
=043  \\$ae-gx---
=070  0\$a284.2$bG33
=072  \0$aE100
=049  \\$aAGLL
=100  1\$aGesellius, Wilhelm,$d1904-
=242  14$aThe development of agricultural conditions in Mecklenburg-Schwerin with special consideration of the credit and debt situation:$ba contribution to the economic history of Mecklenburg /$cWilhelm Gesellius.$yeng
=245  14$aDie Entwicklung der landwirtschaftlichen Verhältnisse in Mecklenburg-Schwerin unter besonderer Berücksichtigung der Kredit- und Verschuldungslage :$bEin Beitrag zur Wirtschaftsgeschichte Mecklenburgs /$cWilhelm Gesellius.
=260  \\$c1931.
=300  \\$a208 pages :$billustrations, maps, charts;$c23 cm
=336  \\$atext$btxt$2rdacontent
=337  \\$aunmediated$bn$2rdamedia
=338  \\$avolume$bnc$2rdacarrier
=502  \\$aLeipzig, Phil. Diss. v. 24. Mai 1932.
=502  \\$bdoctoral$cUniversitat Leipzig
=650  \0$aAgriculture$zGermany$zMecklenburg-Schwerin.
=650  \0$aAgricultural credit$zGermany.
=651  \0$aMecklenburg (Germany : Region)$xHistory$xEconomic conditions.
=651  \0$aSchwerin (Mecklenburg-Vorpommern, Germany)$xEconomic conditions.
=650  \7$aAgriculture.$2fast$0(OCoLC)fst00801355
=651  \7$aGermany$zMecklenburg-Schwerin.$2fast$0(OCoLC)fst01212188
=650  \7$aAgricultural credit.$2fast$0(OCoLC)fst00800626
=650  \7$aEconomic history.$2fast$0(OCoLC)fst00901974
=651  \7$aGermany.$2fast$0(OCoLC)fst01210272
=651  \7$aGermany$zMecklenburg (Region)$2fast$0(OCoLC)fst01333518
=651  \7$aGermany$zSchwerin (Mecklenburg-Vorpommern)$2fast$0(OCoLC)fst01312050
=650  \3$aagricultural economics.
=655  \7$aHistory.$2fast$0(OCoLC)fst01411628
=655  \7$aAcademic theses.$2fast$0(OCoLC)fst01726453
=655  \7$aAcademic theses.$2lcgft
=655  \7$aThèses et écrits académiques.$2rvmgf$0(CaQQLa)RVMGF-000001173

