=LDR  00000cam a22000001i 4500
=001  1019492
=005  20221004172854.3
=008  740924s1938    mnua                eng  
=010  \\$a   38028149 
=040  \\$aDLC$beng$cTLM$dDLC$dAGL$dOCLCQ$dOCLCF$dOCLCQ$dOCLCO$dNDD$dOCLCO$dAGL
=016  7\$aCAT10891909$2DNAL
=043  \\$an-us-mn
=050  00$aSB453$b.A2
=070  0\$a96$bAb3
=072  \0$aF110
=082  \4$a716
=049  \\$aAGLL
=100  1\$aAbbott, Daisy T.
=245  14$aThe northern garden week by week /$cby Daisy T. Abbott.
=260  \\$aMinneapolis :$bUniversity of Minnesota Press,$c[©1938]
=300  \\$aiv, [2], 94 pages :$billustrations ;$c24 cm
=336  \\$atext$btxt$2rdacontent
=337  \\$aunmediated$bn$2rdamedia
=338  \\$avolume$bnc$2rdacarrier
=650  \0$aGardening$zMinnesota.
=650  \0$aFlower gardening$zMinnesota.
=650  \0$aFloriculture$zMinnesota.
=650  \6$aJardinage.$0(CaQQLa)201-0000149
=650  \6$aFloriculture.$0(CaQQLa)201-0046758
=650  \7$agardening.$2aat$0(CStmoGRI)aat300054706
=650  \7$afloriculture.$2aat$0(CStmoGRI)aat300054513
=650  \7$aFloriculture.$2fast$0(OCoLC)fst00927668
=650  \7$aGardening.$2fast$0(OCoLC)fst00937852
=029  1\$aAU@$b000022570234

