=LDR  00000nam a2200000Mi 4500
=001  1289109094
=005  20211217002857.1
=008  950310s1932    xx           l000 0 eng d
=040  \\$aAGL$beng$cAGL
=016  7\$aCAT10906029$2DNAL
=070  0\$a281.183$bK99
=072  \\$aE200
=049  \\$aAGLL
=110  2\$aKyōto Daigaku.$bDept. of Agriculture.$bInstitute of Agricultural Economies.
=245  10$aResearch on the sixteen representative family-farms by the accounting method in the neighboring prefectures near Kyoto, in the year 1927.
=260  \\$c1932.
=300  \\$a8, 66 p.
=650  \3$amicroeconomics.
=650  \3$afarm management.
=650  \3$aagricultural economics.

