=LDR  00000cam a2200000Mi 4500
=001  71080388
=005  20221019165252.7
=008  950310s1932    xx abd       l000 0 eng d
=040  \\$aAGL$beng$cAGL$dOCLCQ$dOCLCO$dAGL
=016  7\$aCAT10906029$2DNAL
=043  \\$aa-ja---
=070  0\$a281.183$bK99
=072  \0$aE200
=049  \\$aAGLL
=110  2\$aKyōto Daigaku.$bDepartment of Agriculture.$bInstitute of Agricultural Economies.
=245  10$aResearch on the sixteen representative family-farms by the accounting method in the neighboring prefectures near Kyoto, in the year 1927 /$cKyōto Daigaku.
=260  \\$aKyoto,$c1932.
=300  \\$a1 volume(8, 66 pages) :$bmaps, tables (some folded) diagrams ;$c24 cm
=336  \\$atext$btxt$2rdacontent
=337  \\$aunmediated$bn$2rdamedia
=338  \\$avolume$bnc$2rdacarrier
=500  \\$aIn Japanese.
=650  \0$aAgriculture$zJapan$zKyoto.
=650  \0$aAgriculture$zJapan$zKyoto$xAccounting.
=650  \6$aAgriculture.$0(CaQQLa)201-0062624$zJapon$0(CaQQLa)201-0487650$zKyōto.$0(CaQQLa)201-0487650
=650  \6$aAgriculture.$0(CaQQLa)201-0000537$zJapon$0(CaQQLa)201-0487650$zKyōto$0(CaQQLa)201-0487650$xComptabilité.$0(CaQQLa)201-0000537
=650  \7$aAgriculture.$2fast$0(OCoLC)fst00801355
=650  \7$aAgriculture$xAccounting.$2fast$0(OCoLC)fst00801363
=651  \7$aJapan$zKyoto.$2fast$0(OCoLC)fst01207923
=776  08$iOnline version:$aKyōto Daigaku.$tResearch on the sixteen representative family-farms by the accounting method in the neighboring prefectures near Kyoto, in the year 1927.$dKyoto [1928?]$w(OCoLC)690993627
=856  41$3HathiTrust Digital Library, Limited view (search only)$uhttp://catalog.hathitrust.org/api/volumes/oclc/63976111.html

