=LDR  00000cam a22000007  4500
=001  34060236
=005  20220607120233.0
=008  960122s1932    gw       m    000 0 ger d
=040  \\$aZT9$bfre$cZT9$dAGL$dBDF$dOCLCQ$dLUU
=016  7\$aCAT10972151$2DNAL
=016  7\$aFRBNF319957280000004$2FrPBN
=050  \4$aS465$b.D37
=070  0\$a283$bD25
=072  \0$aE100
=049  \\$aAGLL
=100  1\$aDartmann, Heinrich.
=242  14$aThe farm worker conditions in Westphalia before and after the war in economic and social terms.$yeng
=245  14$aDie Landarbeiterverhältnisse Westfalens vor und nach dem Kriege in betriebswirtschaftlicher und sozialer Hinsicht.
=260  \\$aGiessen:$bHerr,$c1932.
=300  \\$a83 S.$c8vo
=336  \\$atexte$btxt$2rdacontent/fre
=337  \\$asans médiation$bn$2rdamedia/fre
=502  \\$aGiessen, Phil. Diss. v. 7. April 1932.
=856  42$3Notice et cote du catalogue de la Bibliothèque nationale de France$uhttp://catalogue.bnf.fr/ark:/12148/cb31995728f
=029  1\$aBDF$bFRBNF319957280000004
=029  1\$aZWZ$b024835617

