=LDR  00000cam a2200000Mi 4500
=001  1289021763
=005  20221021073330.7
=008  950314s1932    xx            000 0 ger d
=040  \\$aAGL$beng$cAGL$dAGL
=016  7\$aCAT10972151$2DNAL
=043  \\$ae-gx---
=070  0\$a283$bD25
=072  \0$aE100
=049  \\$aAGLL
=100  1\$aDartmann, Heinrich,$d1901-
=242  14$aThe farm worker conditions in Westphalia before and after the war in economic and social terms /$cHeinrich Dartmann.$yeng
=245  14$aDie Landarbeiterverhältnisse Westfalens vor und nach dem Kriege in betriebswirtschaftlicher und sozialer Hinsicht. /$cHeinrich Dartmann
=260  \\$c1932.
=300  \\$a83 leaves
=336  \\$atext$btxt$2rdacontent
=337  \\$aunmediated$bn$2rdamedia
=338  \\$avolume$bnc$2rdacarrier
=502  \\$cGiessen
=650  \0$aAgricultural laborers$zGermany$zWestphalia.
=650  \0$aAgriculture$xEconomic aspects$zGermany$zWestphalia.
=650  \3$aagricultural economics.
=650  \7$aAgricultural laborers.$2fast$0(OCoLC)fst00800949
=650  \7$aAgriculture$xEconomic aspects.$2fast$0(OCoLC)fst00801415
=651  \7$aGermany$zWestphalia.$2fast$0(OCoLC)fst01209818
=655  \2$aAcademic Dissertation$0(DNLM)D019478
=655  \7$aAcademic theses.$2fast$0(OCoLC)fst01726453
=655  \7$aAcademic theses.$2lcgft
=655  \7$aThèses et écrits académiques.$2rvmgf$0(CaQQLa)RVMGF-000001173

