=LDR  00000nam a2200000Mi 4500
=001  1289036650
=005  20211217002856.8
=008  950315s1938    xx           f000 0 eng d
=040  \\$aAGL$beng$cAGL
=016  7\$aCAT10930683$2DNAL
=070  0\$a173.2$bSo1U
=072  \\$aX700
=049  \\$aAGLL
=110  1\$aUnited States.$bSocial Security Board.
=245  10$aUnemployment compensation interpretation service :$bBenifit decisions of the British Umpire : a codification and text of selected decisions.
=260  \\$c1938.
=300  \\$a867 p.
=490  1\$aBenefit series. General supplement ;$vno. 1 June 1, 1938
=650  \3$amarket analysis.
=650  \3$aeconomics.
=830  \0$aBenefit series.$pGeneral supplement ;$vno. 1 June 1, 1938.

