=LDR  00000cas a22000007a 4500
=001  2251882
=005  20190320152556.9
=008  760620d19371949dcumr p      f0   a0eng c
=010  \\$asn 85018830 
=040  \\$aMUL$beng$cMUL$dNYG$dOCL$dNYG$dOCL$dOCLCQ$dOCLCF$dOCLCO$dGILDS$dOCLCQ$dDLC$dHUL
=012  \\$i8609
=022  0\$a2640-6969$l2640-6969$21
=042  \\$amsc$ansdp
=043  \\$an-us---
=050  10$aISSN RECORD
=050  \4$aKF3672.29$bU53
=082  10$a331.25/52$223
=082  04$a331.25444$bU54u
=049  \\$aAGLL
=222  \0$aUnemployment compensation interpretation service. Benefit series
=245  00$aUnemployment compensation interpretation service.$pBenefit series.
=246  00$aBenefit series
=260  \\$aWashington, D.C. :$bSocial Security Board,$c1937-1949.
=300  \\$a12 volumes ;$c22 cm
=310  \\$aMonthly
=336  \\$atext$btxt$2rdacontent
=337  \\$aunmediated$bn$2rdamedia
=338  \\$avolume$bnc$2rdacarrier
=362  0\$aVol. 1, no. 1 (Nov. 15, 1937)-
=362  1\$aCeased with v. 12, in 1949.
=500  \\$aIncludes cumulative index for each volume.
=550  \\$a"Prepared by Interpretation Service Section, Bureau of Unemployment Compensation"--Title page verso.
=550  \\$aVol. 1, no. 1-v. 9, no. 7 (July 1946) issued by the Social Security Board; v. 9, no. 8 (Aug. 1946)- by the Social Security Administration (v. 11, no. 9, Sept. 1948- by the Administrations' Bureau of Employment Security).
=580  \\$aContinued by: United States. Bureau of Employment Security. Benefit series service, unemployment insurance.
=650  \0$aUnemployment insurance$xLaw and legislation$zUnited States$vCases.
=650  \7$aUnemployment insurance$xLaw and legislation.$2fast$0(OCoLC)fst01715920
=651  \7$aUnited States.$2fast$0(OCoLC)fst01204155
=655  \4$aCases.
=655  \7$aTrials, litigation, etc.$2fast$0(OCoLC)fst01423712
=710  1\$aUnited States.$bSocial Security Board.
=710  1\$aUnited States.$bSocial Security Administration.
=710  1\$aUnited States.$bBureau of Employment Security.
=776  08$iOnline version:$tUnemployment compensation interpretation service. Benefit series$w(OCoLC)956629379
=785  10$aUnited States. Bureau of Employment Security.$tBenefit series service, unemployment insurance$w(DLC)sn 86035032$w(OCoLC)2251883
=850  \\$aN
=029  1\$aAU@$b000040210509

