=LDR  00000cas a2200000Ma 4500
=001  70895581
=005  20220416074431.9
=008  830617d193819uudcuuu    w   f0    0eng d
=040  \\$aINL$beng$cINL$dOCLCQ$dOCLCF$dOCLCO$dOCLCQ$dOCLCO$dAGL
=043  \\$an-us---$ae-uk---
=049  \\$aAGLL
=245  00$aUnemployment compensation interpretation service.$pBenefit series.$pGeneral supplement.
=246  12$aBenefit decisions of the British Umpire$fno. 1
=260  \\$aWashington, D.C. :$bSocial Security Board :$bU.S. G.P.O.,$c1938- 
=300  \\$avolumes ;$c24 cm
=336  \\$atext$btxt$2rdacontent
=337  \\$aunmediated$bn$2rdamedia
=338  \\$avolume$bnc$2rdacarrier
=362  0\$aNo. 1 (June 1, 1938)-
=550  \\$aNo. 1 prepared by the Bureau of Unemployment Compensation.
=650  \0$aUnemployment insurance$zGreat Britain$vCases.
=650  \0$aUnemployment insurance$zUnited States$vCases.
=650  \0$aLaw reports, digests, etc.$zUnited States$vCases.
=650  \6$aAssurance-chômage$0(CaQQLa)201-0032906$zGrande-Bretagne$0(CaQQLa)201-0441031$vJurisprudence.$0(CaQQLa)201-0378129
=650  \7$aUnemployment insurance.$2fast$0(OCoLC)fst01715915
=651  \7$aGreat Britain.$2fast$0(OCoLC)fst01204623
=655  \7$aTrials, litigation, etc.$2fast$0(OCoLC)fst01423712
=710  1\$aUnited States.$bBureau of Unemployment Compensation.
=772  1\$tUnemployment compensation interpretation service. Benefit series$w(IEN-L)ACN0521

