=LDR  00000nam a22000004i 4500
=001  NEW
=005  20221012072833.0
=008  221012s1932    ru           l000 0 rus d
=040  \\$aAGL$beng$cAGL$dOCLCO$dOCLCQ$dOCLCA$dOCLCO
=016  7\$aCAT10926644$2DNAL
=035  \\$a(OCoLC)ocm71075902
=070  0\$a94$bM85
=072  \0$aF110
=049  \\$aAGLL
=110  1\$aMoscow (Russia).$bZonalÊ£naiı̐ aı̐Ł plodo-iı̐ aı̐Łgodnaiı̐ aı̐Ł opytnaiı̐ aı̐Ł stantsiiı̐ aı̐Ł.
=242  10$aHorticulture : (for︠ regions of the middle belt of the USSR) : (textbook for︠ schools of state farmers) : Compiled by a team of employees of the Moscow Zonal Fruit-and-Food Experimental Station.$yeng
=245  10$6880-01$aIAgodovodstvo : (dli︠ raĭonov sredneĭ polosy SSSR) : (uchebnoye posobiye dli︠ shkol sovkhozucheĭ) : Sostavleno bridagoĭ sotrudnikov Moskovskoĭ zonal'noĭ plodo- plodo-i︠a︡godnoĭ opytnoĭ stantsii.
=260  \\$c1932.
=300  \\$a231 pages
=336  \\$atext$btxt$2rdacontent
=337  \\$aunmediated$bn$2rdamedia
=338  \\$avolume$bnc$2rdacarrier
=500  \\$aNon-Latin script record
=500  \\$aNon-Latin script record
=650  \0$aHorticulture$zSoviet Union$vTextbooks.
=650  \3$aplant cultural practices.
=650  \3$ahorticulture.
=650  \3$ahorticultural crops.
=650  \3$acrop production.
=650  \7$aHorticulture.$2fast$0(OCoLC)fst00960791
=651  \7$aSoviet Union.$2fast$0(OCoLC)fst01210281
=655  \7$aTextbooks.$2fast$0(OCoLC)fst01423863
=880  1\$6110-00/(N$aМосcоw (Руссиа). ‡b Зональнаи︠а︡ плодо-и︠а︡годнаи︠а︡ опытнаи︠а︡ стантсии︠а︡.
=880  10$6245-01/(N$aАгодоводство: (дли︠ районов средней полосы СССР) : (учебное пособие дли︠ школ совхозучей) : Составлено бридагой сотрудников Московской зональной плодо- плодо-и︠а︡годной опытной стантсии.
=066  \\$c(N

