=LDR  00000cam a22000003i 4500
=001  71082057
=005  20221026090029.6
=008  950313m1922    xxua     l   f000 0 eng d
=040  \\$aAGL$beng$cAGL$dOCLCO$dOCLCQ$dOCLCO$dAGL
=016  7\$aCAT10909203$2DNAL
=043  \\$an-us---
=070  0\$a284.2$bUn31R
=072  \0$aE100
=072  \0$aD500
=049  \\$aAGLL
=110  1\$aUnited States.$bCongress.$bSenate.$bCommittee on Banking and Currency.
=245  10$aRural credits :$bhearings on S. 4063 (H.R. 13033). to provide credit facilities for the agricultural and live-stock industries of United States, to amend the Federal Reserve Act, to amend the Federal Farm Loan Act, to extend and stabilize the market for United States bonds and other securities, to provide fiscal agents for the United States, and for other purposes, Nov. 24, 1922.
=260  \\$aWashington :$bUnited States Government Printing Office,$c1922.
=300  \\$a2 volumes(ii, 373, 375-402 pages) :$billustrations, tables ;$c23 cm.
=336  \\$atext$btxt$2rdacontent
=337  \\$aunmediated$bn$2rdamedia
=338  \\$avolume$bnc$2rdacarrier
=520  \\$aConsiders legislation to establish agricultural credit corporations and to revise Federal Reserve bank procedures for discounting notes, drafts, and bills of exchange for agricultural or livestock paper.
=520  \\$aConsiders (67) S. 4063, (67) H.R. 13033.
=650  \0$aAgricultural credit corporations$xLaw and legislation$zUnited States.
=650  \7$aAgricultural credit corporations$xLaw and legislation.$2fast$0(OCoLC)fst00800656
=651  \7$aUnited States.$2fast$0(OCoLC)fst01204155
=776  08$iElectronic version. United States. Congress. House. Committee on Banking and Currency.:$tRural Credits.$dWashington : U.S. G.P.O., 1922$w(OCoLC)853144205

