=LDR  00000cam a2200000Ma 4500
=001  853144205
=005  20200309181405.6
=008  090613s1922    dcu     o    f000 0 eng d
=006  m     o  d f      
=007  cr\bn|mmmapmmp
=040  \\$aUMI$beng$cUBY$dOCLCO$dOCLCF$dOCLCQ$dNJR$dOCLCA$dBUF$dOCLCQ
=043  \\$an-us---
=086  0\$aY 4.B 22/1:R 88/3
=049  \\$aAGLL
=110  1\$aUnited States.$bCongress.$bHouse.$bCommittee on Banking and Currency.
=245  10$aRural Credits :$bhearings before the United States House Committee on Banking and Currency, Sixty-Seventh Congress, third session, on Nov. 24, 1922.
=260  \\$aWashington :$bU.S. G.P.O.,$c1922.
=300  \\$a1 online resource (ii, 18 pages)
=336  \\$atext$btxt$2rdacontent
=337  \\$acomputer$bc$2rdamedia
=338  \\$aonline resource$bcr$2rdacarrier
=500  \\$aRecord is based on bibliographic data in ProQuest Congressional Hearings Digital Collection. Reuse except for individual research requires license from ProQuest, LLC.
=520  \\$aConsiders legislation to establish agricultural credit corporations and to revise Federal Reserve bank procedures for discounting notes, drafts, and bills of exchange for agricultural or livestock paper.
=520  \\$aConsiders (67) S. 4063, (67) H.R. 13033.
=520  \\$aConsiders (67) S. 4063, (67) H.R. 13033.
=650  \0$aAgricultural credit corporations$xLaw and legislation$zUnited States.
=650  \7$aAgricultural credit corporations$xLaw and legislation.$2fast$0(OCoLC)fst00800656
=651  \7$aUnited States.$2fast$0(OCoLC)fst01204155
=655  \4$aElectronic books.
=730  0\$aLexisNexis U.S. Congressional Hearings Digital Collection.
=776  08$iPrint version:$aUnited States. Congress. House. Committee on Banking and Currency.$tRural Credits
=776  08$iMicrofiche version:$aUnited States. Congress. House. Committee on Banking and Currency.$tRural Credits.$d[Bethesda, Md.] : ProQuest, [2004]$oCIS Hrgs MF Gp 1--H316-7$w(ProQuest)cis10201378
=856  40$uhttp://congressional.proquest.com/congcomp/getdoc?HEARING-ID=HRG-1922-BCU-0007

