=LDR  00000nam a2200000Mi 4500
=001  1289005921
=005  20211217002856.8
=008  950314s1933    xx            000 0 ger d
=040  \\$aAGL$beng$cAGL
=016  7\$aCAT10972364$2DNAL
=070  0\$a284.5$bAu4
=072  \\$aE200
=049  \\$aAGLL
=100  1\$aAug, Hans Bünter,$d1908-
=242  10$aEffects and tendencies of the German beer tax  /$cHans Bünter Aug.$yeng.
=245  10$aWirkungen und wirkungstendenzen der deutschen bierbesteuerung /$cHans Bünter Aug.
=260  \\$c1933.
=300  \\$a115 p.
=650  \0$aAlcohol$xTaxation$zGermany.
=650  \7$aAlcohol$xTaxation.$2fast$0(OCoLC)fst00804296
=651  \7$aGermany.$2fast$0(OCoLC)fst01210272
=650  \3$amicroeconomics.
=650  \3$afarm management.
=650  \3$aagricultural economics.

