=LDR  00000cam a2200000Mi 4500
=001  71078161
=005  20130802151951.4
=008  950310s1932    xx           s000 0 eng d
=040  \\$aAGL$beng$cAGL$dOCLCQ$dOCLCO$dOCLCA
=016  7\$aCAT10906701$2DNAL
=070  0\$a281.344$bP38
=072  \0$aQ001
=072  \0$aE700
=072  \0$aT000
=049  \\$aAGLL
=100  0\$aCowden, T. K.$q(Thomas Kyle)
=245  14$aThe consumption of milk in Allegheny county, Pennsylvania /$cT.K. Cowden and F.F. Lininger.
=260  \\$c1932.
=300  \\$a12 leaves.
=336  \\$atext$btxt$2rdacontent
=337  \\$aunmediated$bn$2rda
=338  \\$avolume$bnc$2rdacarrier
=700  1\$aLininger, F. F.$q(Frederick Fouse),$d1892-1974.
=710  2\$aPennsylvania State College.$bDepartment of Agricultural Economics.


